

Multiboot specification
@manual{multiboot,
organization={GNU},
title={The Multiboot Specification},
note={\url{https://www.gnu.org/software/grub/manual/multiboot/multiboot.pdf}}
}

AMD specification volume 2
@manual{specAMD,
organization={AMD},
title={AMD64 Architecture Programmer's manual, Volume 2 : System Programming},
year={2013},
month={May},
note={\url{http://developer.amd.com/wordpress/media/2012/10/24593_APM_v21.pdf}}
}

VBE specification
@manual{specVBE,
organization={VESA},
title={VESA BIOS EXTENSION (VBE)},
year={1994},
month={November},
note={\url{http://www.phatcode.net/res/221/files/vbe20.pdf}}
}

ATA sur OSDev
@manual{ATAosdev,
organization={OSDev},
title={ATA PIO Mode},
note={\url{http://wiki.osdev.org/ATA_PIO_Mode}}
}

